<record><leader>00000cas a22000007a 4500</leader><controlfield tag="001">12102317</controlfield><controlfield tag="008">850531d18991909mtuwr ne      0    0eng d</controlfield><datafield ind1=" " ind2=" " tag="010"><subfield code="a">sn 85053144 </subfield></datafield><datafield ind1=" " ind2=" " tag="040"><subfield code="a">MTL</subfield><subfield code="b">eng</subfield><subfield code="c">MTL</subfield><subfield code="d">OCLCQ</subfield></datafield><datafield ind1=" " ind2=" " tag="042"><subfield code="a">msc</subfield></datafield><datafield ind1="0" ind2="0" tag="245"><subfield code="a">North Montana review.</subfield></datafield><datafield ind1=" " ind2=" " tag="260"><subfield code="a">Glasgow, Mont. :</subfield><subfield code="b">J.J. Amiott,</subfield><subfield code="c">1899-1909.</subfield></datafield><datafield ind1=" " ind2=" " tag="300"><subfield code="a">10 v. :</subfield><subfield code="b">ill. ;</subfield><subfield code="c">59 cm.</subfield></datafield><datafield ind1=" " ind2=" " tag="310"><subfield code="a">Weekly</subfield></datafield><datafield ind1="0" ind2=" " tag="362"><subfield code="a">Vol. 1, no. 1 (May 19, 1899)-v. 10, no. 33 (Feb. 13, 1909).</subfield></datafield><datafield ind1=" " ind2=" " tag="752"><subfield code="a">United States</subfield><subfield code="b">Montana</subfield><subfield code="c">Valley</subfield><subfield code="d">Glasgow.</subfield></datafield><datafield ind1="0" ind2="5" tag="780"><subfield code="t">Valley County gazette</subfield><subfield code="g">Dec. 30, 1899</subfield><subfield code="w">(DLC)sn 85053140</subfield></datafield><datafield ind1="0" ind2="0" tag="785"><subfield code="t">Glasgow Democrat (Glasgow, Mont. : 1909)</subfield><subfield code="w">(DLC)sn 85053145</subfield></datafield></record>